[@book{rogers2023interaction,
  title = {Interaction Design: Beyond Human-Computer Interaction 6th edition},
  author = {Yvonne Rogers and Helen Sharp and Jennifer Preece},
  year = {2023},
  publisher = {Wiley},
  edition = {6th},
  note = {Kindle Edition}
}

\item[@online{moran2024generative,
  author = {Kate Moran and Sarah Gibbons},
  title = {Generative UI and Outcome-Oriented Design},
  year = {2024},
  url = {https://www.nngroup.com/articles/generative-ui/},
  note = {Accessed: 2024-08-14}
}]

\end{CSLReferences}